<?xml version="1.0" encoding="UTF-8"?><collection xmlns="http://www.loc.gov/MARC21/slim"><record><leader>00366nam--2200121-i-4500</leader><controlfield tag="001">000010361</controlfield><controlfield tag="002">20161230</controlfield><controlfield tag="005">20161230201028</controlfield><controlfield tag="008">060222s1000------------r-----000-0-eng-d</controlfield><datafield ind1=" " ind2=" " tag="080"><subfield code="a">061.6</subfield></datafield><datafield ind1=" " ind2=" " tag="245"><subfield code="a">Aec handbook on oak ridge operations. 1964 atomic energy commission, oak ridge, tennessee</subfield></datafield><datafield ind1=" " ind2=" " tag="260"><subfield code="a">Oak Ridge, U.S. Atomic Energy Commission, 1964 56p</subfield></datafield><datafield ind1=" " ind2=" " tag="852"><subfield code="a">37673</subfield></datafield></record></collection>